%Preface

@BOOK{Chomsky20091966,
    author={Noam Chomsky},
    year={2009 [1966]},
    title={Cartesian linguistics: a chapter in the history of rationalist thought},
    editor={James McGilvray},
    address={Cambridge},
    publisher={Cambridge University Press}
}

@BOOK{Coseriu1969,
    author={Eugenio Coseriu},
    year={1969},
    title={Semantik, innere Sprachform und Tiefenstruktur}, 
    address={Tübingen},
    publisher={Romanisches Seminar}
}

@INCOLLECTION{Humboldt19051820,
    author={Wilhelm von Humboldt},
    year={1905 [1820]},
    title={Über das vergleichende {Sprachstudium} in {Beziehung} auf die verschiedenen {Epochen} der {Sprachentwicklung}},
    booktitle={Wilhelm von Humboldts gesammelte {Schriften}},
    editor={Albert Leitzmann},
    address={Berlin},
    publisher={Behr},
    pages={vol. IV, pp. 1-34}
}

@BOOK{Law2003,
    author={Vivien Law},
    year={2003},
    title={The history of linguistics in {Europe} from {Plato} to 1600},
    address={Cambridge},
    publisher={Cambridge University Press}
}

@BOOK{Lyons1968,
    author={John Lyons},
    year={1968},
    title={Introduction to theoretical linguistics},
    address={Cambridge},
    publisher={Cambridge University Press}
}

@ARTICLE{McElvenny2016,
	author={James McElvenny},
	year={2016},
	title={The fate of form in the {Humboldtian} tradition: the \emph{Formungstrieb} of {Georg} von der {Gabelentz}},
	journal={Language \& Communication},
	volume={47},
	pages={30-42},
	url={http://dx.doi.org/10.1016/j.langcom.2015.12.004}
}

@BOOK{MorpurgoDavies1998,
    author={Anna Morpurgo~Davies},
    year={1998},
    title={History of linguistics: nineteenth-century linguistics},
    address={London},
    publisher={Longman}
}

@BOOK{Newmeyer1998,
    author={Frederick J. Newmeyer},
    year={1998},
    title={Language form and language function},
    address={Cambridge, Massachusets},
    publisher={MIT Press}
}

@BOOK{Saussure19951916,
    author={Ferdinand de Saussure},
    year={1995 [1916]},
    title={Cours de linguistique générale},
    editor={Tullio de Mauro},
    address={Paris},
    publisher={Payot \& Rivages}
}

@BOOK{Trabant1986,
    author={Jürgen Trabant},
    year={1986},
    title={Apeliotes, oder der {Sinn} der {Sprache}: {Wilhelm} von {Humboldts} {Sprach-Bild}},
    address={München},
    publisher={Fink}
}

%Chapter 2

@book{Anderson1985,
	author={Stephen R. Anderson},
	year={1985},
	title={Phonology in the Twentieth Century: theories of rules and theories of representations},
	address={Chicago},
	publisher={University of Chicago Press}
}

@article{Boas1889,
	author={Franz Boas},
	year={1889},
	title={On alternating sounds},
	journal={American Anthropologist},
	volume={2},
	number={1},
	pages={47-54},
	url={https://www.jstor.org/stable/658803}
}

@book{Boas1911,
	editor={Franz Boas},
	year={1911},
	title={Handbook of {American} {Indian} Languages, Part {{I}}},
	address={Washington, D.C.},
	publisher={Government Printing Office}
}

@incollection{Borsche1989,
	author={Tilman Borsche},
	year={1989},
	title={Die innere {Form} der {Sprache}. {Betrachtungen} zu einem {Mythos} der {Humboldt}-{Herme(neu)tik}},
	editor={Hans-Werner Scharf},
	booktitle={Wilhelm von Humboldts Sprachdenken. Symposion zum 150. Todestag},
	publisher={Reimer Hobbing},
	address={Essen},
	pages={47-65}
}

@incollection{Brinton18901888,
	author={Daniel Garrison Brinton},
	year={1890 [1888]},
	title={The earliest form of human speech, as revealed by {American} tongues},
	booktitle={Essays of an {Americanist}},
	publisher={Porter \& Coates},
	address={Philadelphia},
	pages={390-409}

}

@article{Brinton1894,
	author={Daniel Garrison Brinton},
	year={1894},
	title={{Basque} and {Berber}},
	journal={Science},
	volume={23 (26 January 1894)},
	page={43}
}

@book{Bumann1965,
	author={Waltraud Bumann},
	year={1965},
	title={Die {Sprachtheorie} {Heymann} {Steinthals}. {Dargestellt} im {Zusammenhang} mit seiner {Theorie} der {Geisteswissenschaft}},
	publisher={Hain},
	address={Meisenheim am Glan}
}

@incollection{Bunzl1996,
	author={Matti Bunzl},
	year={1996},
	title={{Franz} {Boas} and the {Humboldtian} tradition: from \emph{Volksgeist} and \emph{Nationalcharakter} to an anthropological concept of culture},
	booktitle={\emph{Volksgeist} as Method and Ethic: essays on {Boasian} ethnography and the {German} anthropological tradition},
	editor={George W. Stocking, Jr.},
	publisher={University of Wisconsin Press},
	address={Madison},
	pages={17-78}	
}

@book{Darnell1988,
	author={Regna Darnell},
	year={1988},
	title={{Daniel} {Garrison} {Brinton}: the `fearless' critic of {Philadelphia}},
	publisher={Department of Anthropology, University of Pennsylvania},
	address={Philadelphia}
}

@book{Darnell1998,
	author={Regna Darnell},
	year={1998},
	title={And along came {Boas}: continuity and revolution in {Americanist} anthropology},
	publisher={John Benjamins},
	address={Amsterdam}	
}

@article{Formigari2018,
	author={Lia Formigari},
	year={2018},
	title={{Wilhelm} {Wundt} and the \emph{Lautgesetze} controversy},
	journal={History and Philosophy of the Language Sciences},
	url={https://hiphilangsci.net/2018/01/17/wundt-lautgesetze/}
}

@article{Gabelentz1889,
	author={Georg von der Gabelentz},
	year={1889},
	title={Über {Stoff} und {Form} in der {Sprache}},
	journal={Berichte über die Verhandlungen der königlich-sächsischen Gesellschaft der Wissenschaften zu Leipzig, philologisch-historische Classe},
	volume={21},
	pages={185-216}
}

@article{Gabelentz1893,
	author={Georg von der Gabelentz},
	year={1893},
	title={{Baskisch} und {Berberisch}},
	journal={Sitzungsberichte der königlich-preußischen Akademie der Wissenschaften zu Berlin},
	pages={593-613}
}

@article{Gabelentz1894t,
	author={Georg von der Gabelentz},
	year={1894},
	title={{Hypologie} {[Typologie]}: eine neue {Aufgabe} der {Linguistik}},
	journal={Indogermanische Forschungen},
	volume={4},
	pages={1-7}
}

@book{Gabelentz1894bb,
	author={Georg von der Gabelentz},
	year={1894},
	title={Die {Verwandtschaft} des {Baskischen} mit den {Berbersprachen} {Nord}-{Africas}, nachgewiesen von {Georg} von der {Gabelentz}},
	editor={Albrecht Conon Graf von der Schulenburg},
	publisher={Richard Sattler},
	address={Braunschweig}
}

@book{Gabelentz20161891,
	author={Georg von der Gabelentz},
	year={2016 [1891]},
	title={Die {Sprachwissenschaft}, ihre {Aufgaben}, {Methoden} und bisherigen {Ergebnisse}},
	editor={Manfred Ringmacher \& James McElvenny},
	publisher={Language Science Press},
	address={Berlin}
}

@book{Herbart182425,
	author={Johann Friedrich Herbart},
	year={1824-1825},
	title={{Psychologie} als {Wissenschaft}, neu gegründet auf {Erfahrung}, {Metaphysik} und {Mathematik}},
	publisher={Self-published},
	address={Königsberg}
}

@book{Humboldt19981836,
	author={Wilhelm von Humboldt},
	year={1998 [1836]},
	title={Über die {Verschiedenheit} des menschlichen {Sprachbaues} und ihren {Einfluß} auf die geistige {Entwicklung} des {Menschengeschlechts}},
	editor={Donatella Di Cesare},
	publisher={Ferdinand Schöningh},
	address={Paderborn}
}

@incollection{HurchPurgay2019,
	author={Hurch, Bernhard and Katrin Purgay},
	year={In Press},
	title={The {Basque}-{Berber} connection of {Georg} von der {Gabelentz}},
	booktitle={Gabelentz and the science of language},
	editor={James McElvenny},
	publisher={Amsterdam University Press},
	address={Amsterdam},
	pages={}

}

@book{Klautke2013,
	author={Egbert Klautke},
	year={2013},
	title={The {Mind} of the {Nation}: \emph{Völkerpsychologie} in {Germany}, 1851-1955},
	publisher={Berghahn Books},
	address={New York}
}

@book{Kuklick2008,
    editor={Henrika Kukclick},
    year={2008},
    title={A new history of anthropology},
    publisher={Blackwell},
    address={Malden}
}

@article{Kuklick2011,
    author={Henrika Kuklick},
    year={2011},
    title={Personal Equations: Reflections on the History of Fieldwork, with Special Reference to Sociocultural Anthropology},
    journal={Isis},
    volume={102},
    number={1},
    pages={1–33}
}

@incollection{Laplantine2018,
    author={Chloé Laplantine},
    year={2018},
    title={Préface},
    booktitle={Introduction du \emph{Handbook of American Indian Languages} (1911)},
    publisher={Lambert-Lucas},
    editor={Chloé Laplantine and Andrew Eastman},
    address={Limoges},
    pages={}
}

@book{Levelt2013,
    author={Willem J.M. Levelt},
    year={2013},
    title={A history of psycholinguistics: the pre-{Chomskyan} era},
    publisher={Oxford University Press},
    address={Oxford}
}

@article{McElvenny2017,
	author={James McElvenny},
	year={2017},
	title={Grammar, typology and the {Humboldtian} tradition in the work of {Georg} von der {Gabelentz}},
	journal={Language \& History},
	volume={60},
	number={1},
	pages={1-20},
	url={http://dx.doi.org/10.1080/17597536.2016.1212580}
}

@article{McElvenny2018,
	author={James McElvenny},
	year={2018},
	title={Typology – a new task of linguistics},
	journal={History and Philosophy of the Language Sciences},
	url={https://hiphilangsci.net/2018/09/05/typology/}
}

@book{McElvenny2019,
	editor={James McElvenny},
	year={In Press},
	title={{Gabelentz} and the science of language},
	publisher={University of Amsterdam Press},
	address={Amsterdam}
}

@article{McElvenny2019gram,
	author={James McElvenny},
	year={In Press},
	title={La grammaticalisation et la circulation internationale des idées linguistiques}
}

@book{Powell18801877,
	editor={John Wesley Powell},
	year={1880 [1877]},
	title={Introduction to the Study of {Indian} Languages},
	address={Washington, D.C.},
	publisher={Smithsonian Institution}
}

@book{Ringmacher1996,
	author={Manfred Ringmacher},
	year={1996},
	title={{Organismus} der {Sprachidee}: {{H}}. {Steinthals} {Weg} von {Humboldt} zu {Humboldt}},
	publisher={Ferdinand Schöningh},
	address={Paderborn}
}

@book{Sapir1921,
    author={Edward Sapir},
    year={1921},
    title={Language: an introduction to the study of speech},
    publisher={Harcourt, Brace and Co.},
    address={New York}
}

@article{Schaffer1988,
    author={Simon Schaffer},
    title={Astronomers Mark Time: Discipline and the Personal Equation},
    year={1988},
    journal={Science in context},
    volume={2},
    number={1},
    pages={115–145}
}

@article{Schuchardt1893,
	author={Hugo Schuchardt},
	year={1893},
	title={Review of {{G}}. von der {Gabelenz}, \emph{Baskisch und Berberisch}},
	journal={Literaturblatt für germanische und romanische Philologie},
	volume={14},
	pages={334-338}
}

@book{Schuchardt1928,
	title={{Hugo} {Schuchardt}-{Brevier}: ein {Vademecum} der allgemeinen {Sprachwissenschaft}},
	year={1928 [1922]},
	editor={Leo Spitzer},
	publisher={Max Niemeyer},
	address={Halle (Saale)}
}

@book{Silverstein1971,
	editor={Michael Silverstein},
	year={1971},
	title={Whitney on language: selected writings of {William} {Dwight} {Whitney}},
	publisher={MIT University Press},
	address={Cambridge, MA}
}

@book{Steinthal1852,
	author={H. Steinthal},
	year={1852},
	title={Die {Entwickung} der {Schrift}},
	publisher={Ferdinand Dümmler},
	address={Berlin}
}

@book{Steinthal1860,
	author={H. Steinthal},
	year={1860},
	title={{Charakteristik} der hauptsächlichsten {Typen} des {Sprachbaues}},
	publisher={Ferdinand Dümmler},
	address={Berlin}
}

@book{Steinthal1867,
	author={H. Steinthal},
	year={1867},
	title={Die {Mande}-{Neger}-{Sprachen}, psychologisch und phonetisch betrachtet},
	publisher={Ferdinand Dümmler},
	address={Berlin}
}

@book{Steinthal1881,
	author={H. Steinthal},
	year={1881 [1871]},
	title={{Einleitung} in die {Psychologie} und {Sprachwissenschaft}},
	publisher={Ferdinand Dümmler},
	address={Berlin}
}

@book{TrautmannWaller2006,
	author={Céline Trautmann-Waller},
	year={2006},
	title={Aux origines d'une science allemande de la culture: linguistique et psychologie des peuples chez {Heymann} {Steinthal}},
	publisher={CNRS Editions},
	address={Paris}
}

@book{Whitney189618751878,
	author={William Dwight Whitney},
	year={1896 [1875-1878]},
	title={A {Sanskrit} grammar, including both the classical language, and the older dialects, of {Veda} and {Brahmana}.},
	publisher={Breitkopf \& Härtel},
	address={Leipzig}
}

%Chapter 4

@incollection{Anchor1967,
    author={Robert Anchor},
    year={1967},
    title={Heinrich Rickert (1863–1936)},
    booktitle={The Encyclopedia of Philosophy},
    publisher={Macmillan},
    editor={Paul Edwards},
    address={New York},
    volume={7},
    pages={192-194}
}

@article{Antal1984,
    author={László Antal},
    year={1984},
    title={Psychologism, Platonism and realism in linguistics},
    journal={Word},
    volume={35},
    pages={163-175}
}

@unpublished{Barbiers2017,
    author={L.C.J. Barbiers},
    year={2017},
    title={De zonnige toekomst van de Nederlandse Taalkunde},
    note={Inaugural lecture, Leiden University}
}

@incollection{Beckner1967,
    author={M.O. Beckner},
    year={1967},
    title={Vitalism},
    booktitle={The Encyclopedia of Philosophy},
    publisher={Macmillan},
    editor={Paul Edwards},
    address={New York},
    volume={8},
    pages={253-256}
}

@book{Botha1992,
    author={Rudolf P. Botha},
    year={1992},
    title={Twentieth century conceptions of language: mastering the metaphysical market},
    address={Oxford},
    publisher={Blackwell}
}

@article{Chomsky1987,
    author={Noam Chomsky},
    year={1987},
    title={Language in a psychological setting},
    journal={Sophia Linguistica: working papers in linguistics},
    volume={22},
    pages={1-73}
}

@book{Cooper1975,
    author={David Cooper},
    year={1975},
    title={Knowledge of language},
    address={London},
    publisher={Prism Press}
}

@incollection{Davidson1970,
    author={Donald Davidson},
    year={1970},
    title={Mental events},
    booktitle={Experience and theory},
    editor={Lawrence Foster \& Joe Swanson},
    address={Amherst, Mass.},
    publisher={University of Massachusetts Press},
    pages={79-112}
}

@article{DiFrisco2017,
    author={James DiFrisco},
    year={2017},
    title={Token physicalism and functional individuation},
    journal={European Journal for Philosophy of Science},
    volume={8},
    issue={3},
    pages={309-329},
    url={https://doi.org/10.1007/s13194-017-0188-y}
}

@book{Dussen1986,
    author={W.J. van der Dussen},
    year={1986},
    title={Filosofie van de geschiedenis. Een inleiding},
    address={Muiderberg},
    publisher={Coutinho}
}

@book{Elffers1991,
    author={Els Elffers},
    year={1991},
    title={The historiography of grammatical concepts. 19th and 20th-century changes in the subject predicate conception and the problem of their historical reconstruction},
    address={Amsterdam},
    publisher={Rodopi}
}

@incollection{Elffers2014,
    author={Els Elffers},
    year={2014},
    title={Earlier and later anti-psychologism in linguistics},
    editor={V. Kasevich, Y, A. Kleiner \& P. Sériot},
    booktitle={History of Linguistics 2011: Selected Papers from the 12th International Conference on the History of the Language Sciences (ICHoLS XII)},
    pages={127-136},
    address={Amsterdam},
    publisher={Benjamins}
}

@article{Fodor1974,
    author={Jerry A. Fodor},
    year={1974},
    title={Special sciences (or: the disunity of science as a working hypothesis)},
    journal={Synthèse},
    volume={28},
    pages={97-115}
}

@book{Fodor1975,
    author={Jerry A. Fodor},
    year={1975},
    title={The language of thought},
    address={New York},
    publisher={Crowell}
}

@article{Fodor1981,
    author={Jerry A. Fodor},
    year={1981},
    title={The mind-body problem},
    journal={Scientific American},
    volume={244},
    issue={1},
    pages={114-123}
}

@incollection{Fodor1985,
    author={Jerry A. Fodor},
    year={1985},
    title={Some notes on what linguistics is about},
    editor={Jerrold J. Katz},
    booktitle={The philosophy of linguistics},
    address={Oxford},
    publisher={Oxford University Press},
    pages={146-160}
}

@book{Fodor1987,
    author={Jerry A. Fodor},
    year={1987},
    title={Psychosemantics: the problem of meaning in the philosophy of mind},
    address={Cambridge, Mass.},
    publisher={MIT Press}
}

@book{Fodor1994,
    author={Jerry A. Fodor},
    year={1994},
    title={The elm and the expert. Mentalese and its semantics},
    address={Cambridge, Mass.},
    publisher={MIT Press}
}

@article{Fodor1997,
    author={Jerry A. Fodor},
    year={1997},
    title={Special sciences: still autonomous after all these years},
    journal={Philosophical Perspectives},
    volume={11},
    pages={149-163}
}

@article{Goldenweiser1917,
    author={Alexander A. Goldenweiser},
    year={1917},
    title={The autonomy of the social},
    journal={American Anthropologist},
    volume={19},
    pages={447-449}
}

@phdthesis{Hettema2012,
    author={Hinne Hettema},
    year={2012},
    title={Reducing chemistry to physics. Limits, models, consequences},
    school={Groningen University}
}

@book{Itkonen1978,
    author={Esa Itkonen},
    year={1978},
    title={Grammatical theory and metascience},
    address={Amsterdam},
    publisher={Benjamins}
}

@article{Jones2004,
    author={Todd E. Jones},
    title={Special sciences: still a flawed argument after all those years},
    year={2004},
    journal={Cognitive Science},
    volume={28},
    pages={409-432}
}

@article{Kaufman2015,
    author={Daniel A. Kaufman},
    title={Jerry Fodor's ``Special Sciences (or: the disunity of science as a working hypothesis)''},
    journal={The Electric Agora. A symposium for the digital age},
    url={https://theelectricagora.com/2015/10/14/this-weeks-special-jerry-fodors-special-sciences-or-the-disunity-of-science-as-a-working-hypothesis/}
}

@article{Kim1992,
    author={Jaegwon Kim},
    year={1992},
    title={Multiple realization and the metaphysics of reduction},
    journal={Philosophy and Phenomenological Research},
    volume={53},
    pages={1-26}
}

@article{Kroeber1917,
    author={Alfred L. Kroeber},
    year={1917},
    title={The superorganic},
    journal={American Anthropologist},
    volume={19},
    pages={163-213}
}

@incollection{Langacker1999,
    author={Ronald Langacker},
    year={1999},
    title={A dynamic use-based model},
    editor={Michael Barlow \& Suzanne Kemmer},
    booktitle={Usage-based models of language},
    address={Stanford},
    publisher={CSLI Publications},
    pages={1-64}
}

@book{LoewerRey1991,
    editor={Barry Loewer \& Georges Rey},
    year={1991},
    title={Meaning in mind. Fodor and his critics},
    address={Oxford},
    publisher={Blackwell}
}

@article{Pullum2017,
    author={Geoffrey K. Pullum},
    title={The man who hated relativism},
    year={2017},
    journal={The Chronicle of Higher Education},
    url={http://www.chronicle.com/blogs/linguafranca/2017/12/04/the-man-who-hated-relativism}
}

@incollection{Putnam1960,
    author={Hilary Putnam},
    year={1960},
    title={Minds and machines},
    booktitle={Mind, language and reality (Philosophical Papers, Vol.2 	1975)},
    address={Cambridge},
    publisher={Cambridge University Press},
    pages={362-385}
}

@article{Rey2017,
    author={Georges Rey},
    year={2017},
    title={A remembrance of Jerry Fodor, 1935-2017},
    journal={Daily Nous},
    url={http://dailynous.com/2017/12/01/remembrance-jerry-fodor-1935-2017-guest-post-georges-rey/}
}

@book{Rickert1913,
    author={Heinrich Rickert},
    year={1913 [1896]},
    title={Die {Grenzen} der naturwissenschaftlichen {Begriffsbildung}; eine {Einleitung} in die historischen {Wissenschaften}},
    address={Tübingen},
    publisher={Mohr}
}

@book{Robins1997,
    author={Robert H. Robins},
    year={1997 [1967]},
    title={A short history of linguistics},
    address={Abingdon},
    publisher={Routledge}
}

@article{Sapir1907,
    author={Edward Sapir},
    year={1907},
    title={Herder's \emph{Ursprung der Sprache}},
    journal={Modern Philology},
    volume={5},
    pages={109-142}
}

@article{Sapir1917,
    author={Edward Sapir},
    year={1917},
    title={Do we need a “superorganic”?},
    journal={American Anthropologist},
    volume={19},
    pages={441-447}
}

@article{Sapir1929,
    author={Edward Sapir},
    year={1929},
    title={The status of linguistics as a science},
    journal={Language},
    volume={5},
    pages={207-214}
}

@book{Sapir1994,
    author={Edward Sapir},
    year={1994},
    title={The psychology of culture. A course of lectures},
    editor={Judith T. Irvine},
    address={Berlin},
    publisher={Mouton de Gruyter}
}

@article{Seuren2016,
    author={Pieter A. M. Seuren},
    year={2016},
    title={Saussure and his intellectual environment},
    journal={History of European Ideas},
    volume={42},
    pages={819-847}
}

@incollection{Silverstein1986,
    author={Michael Silverstein},
    year={1986},
    title={The diachrony of Sapir's synchronic linguistic description},
    editor={William Cowen, Michael Foster, E.F. Konrad Koerner},
    booktitle={New perspectives in language, culture and personality. Proceedings of the Edward Sapir Centenary Conference (Ottawa, 1-3 October 1984)},
    address={Amsterdam},
    publisher={Benjamins},
    pages={67-110}
}

@book{Spencer1898,
    author={Herbert Spencer},
    year={1898},
    title={The principles of sociology, 3 vols.},
    address={New York},
    publisher={Appleton}
}
